@INPROCEEDINGS{mobile,
author={N. Alamdari and K. Tavakolian and M. Alhashim and R. Fazel-Rezai},
booktitle={2016 IEEE International Conference on Electro Information Technology (EIT)},
title={Detection and classification of acne lesions in acne patients: A mobile application},
year={2016},
volume={},
number={},
pages={0739-0743},
keywords={biomedical optical imaging;diseases;image classification;image segmentation;image texture;learning (artificial intelligence);medical image processing;skin;support vector machines;HSV model segmentation techniques;acne lesion classification;acne lesion detection;acne patients;acne scarring;active inflammatory lesions;chronic skin disease;fuzzy-c-means clustering;hair follicles;image segmentation;inflammatory lesions;k-means clustering;machine learning;mobile application;performance accuracy;sebaceous gland;support vector machine;texture analysis;Face;Image color analysis;Image segmentation;Lesions;Mathematical model;Skin;Support vector machines},
doi={10.1109/EIT.2016.7535331},
ISSN={},
month={May}
}

@Article{pathogens,
author={Gabriella Fabbrocini and M. C. Annunziata and V. D'Arco and R. Fazel-Rezai and V. De Vita and G. Lodi and M. C. Mauriello and F. Pastore and G. Monfrecola},
booktitle={Dermatology Research and Practice},
title={Acne Scars: Pathogenesis, Classification and Treatment},
year={2010},
url={http://dx.doi.org/10.1155/2010/893080},
doi={10.1155/2010/893080}
}

@INPROCEEDINGS{acne1,
author={J. Khan and A. S. Malik and N. Kamel and S. C. Das and A. M. Affandi},
booktitle={2016 6th International Conference on Intelligent and Advanced Systems (ICIAS)},
title={Effect of color feature normalization on segmentation of color images},
year={2016},
volume={},
number={},
pages={1-5},
keywords={diseases;image classification;image colour analysis;image segmentation;medical computing;skin;I1I2I3 color spaces;Lab color spaces;YCbCr color spaces;YIQ color spaces;acne vulgaris lesion segmentation;color feature normalization;color image segmentation;high dimensional chromatic space;image classification;severity assessment system;unsupervised technique;Color;Dermatology;Image color analysis;Image segmentation;Lesions;Sensitivity;Skin},
doi={10.1109/ICIAS.2016.7824099},
ISSN={},
month={Aug}
}

@INPROCEEDINGS{acne2,
author={A. S. Malik and R. Ramli and A. F. M. Hani and Y. Salih and F. B. B. Yap and H. Nisar},
booktitle={2014 IEEE International Instrumentation and Measurement Technology Conference (I2MTC) Proceedings},
title={Digital assessment of facial acne vulgaris},
year={2014},
volume={},
number={},
pages={546-550},
keywords={biomedical optical imaging;feature extraction;image classification;image colour analysis;image segmentation;medical disorders;medical image processing;pattern clustering;skin;support vector machines;CIE La*b* color space;acne blobs;acne classes;acne segmentation;automated acne grading;automated modified K-means clustering algorithm;computational imaging method;cyst;dermatologists;digital assessment;direct visual assessment;facial acne vulgaris;feature extraction;interobserver variation;intraobserver variation;lighting compensation;manual methods;nodule;ordinary flash photography;papule;pre-processing;pustule;severity level;skin color dissimilarity;support vector machine classifier;Feature extraction;Image color analysis;Image segmentation;Lesions;Lighting;Skin;Support vector machines;Acne Grading System;Feature Extraction;K-means clustering;SVM Classifier},
doi={10.1109/I2MTC.2014.6860804},
ISSN={1091-5281},
month={May}
}

@INPROCEEDINGS{acne3,
author={G. Maroni and M. Ermidoro and F. Previdi and G. Bigini},
booktitle={2017 IEEE Symposium Series on Computational Intelligence (SSCI)},
title={Automated detection, extraction and counting of acne lesions for automatic evaluation and tracking of acne severity},
year={2017},
volume={},
number={},
pages={1-6},
keywords={biomedical optical imaging;diseases;feature extraction;image classification;image colour analysis;image segmentation;medical disorders;medical image processing;mobile computing;patient treatment;skin;Acne Vulgaris;Adaptive Thresholding;CIELab colour space;FSD dataset;Haar-Cascade classifiers;Laplacian of Gaussian filtering;acne evaluation;acne extraction;acne lesions;acne severity;automatic acne detection;blob detection;body part detection;frontal face;healthy skin;heat-mapping;left profile;lesion counting;medical treatment procedures;mobile devices;objective evaluation;random forest models;right profile;skin disease;skin segmentation;torso;unsupervised descriptors;Databases;Face;Feature extraction;Image color analysis;Image segmentation;Lesions;Skin},
doi={10.1109/SSCI.2017.8280925},
ISSN={},
month={Nov}
}

@INPROCEEDINGS{acne4,
author={N. Kittigul and B. Uyyanonvara},
booktitle={2016 7th International Conference of Information and Communication Technology for Embedded Systems (IC-ICTES)},
title={Automatic acne detection system for medical treatment progress report},
year={2016},
volume={},
number={},
pages={41-44},
keywords={face recognition;feature extraction;image classification;image colour analysis;image segmentation;medical image processing;patient treatment;BLOB detection;GrabCut;Haar Cascade classifier;acne detection device;adaptive thresholding;automatic acne detection system;box shape;color model;facial image acquisition;heat mapping;medical treatment progress report;patient face extraction;patient face recognition;web camera;Adaptive systems;Cameras;Face;Face detection;Feature extraction;Heating;Image color analysis;Acne detection;Adaptive Thresholding;Background Removal;Heat map;Image Processing},
doi={10.1109/ICTEmSys.2016.7467119},
ISSN={},
month={March}
}

@INPROCEEDINGS{skin1,
author={S. Pichai and A. Kumar},
booktitle={2017 Fourth International Conference on Image Information Processing (ICIIP)},
title={Human skin detection in digital images using multi colour scheme system},
year={2017},
volume={},
number={},
pages={1-6},
keywords={computational complexity;face recognition;image classification;image colour analysis;image resolution;image texture;skin;Human Skin Detection;Human Visual Perception;Human skin detection;MCSS;digital images;human face detection;human skin classification;multicolour bands;multicolour space;single colour space;skin detection methods;Digital images;Face;Face detection;Face recognition;Image color analysis;Robustness;Skin;CIE-Lab;CMYK;HSV;Image Colour Space;RGB;face detection;human skin detection;neighbourhood;threshold},
doi={10.1109/ICIIP.2017.8313725},
ISSN={},
month={Dec}
}

@INPROCEEDINGS{skin2,
author={Y. Kim and I. Hwang and N. I. Cho},
booktitle={2017 IEEE International Conference on Image Processing (ICIP)},
title={Convolutional neural networks and training strategies for skin detection},
year={2017},
volume={},
number={},
pages={3919-3923},
keywords={feature extraction;image colour analysis;learning (artificial intelligence);neural nets;skin;CNN;Inception structure;NiN structure;VGG network;convolution layers;convolutional neural networks;deep-learning based method;human skin detection;human-related shape features;networkin-network layers;patch-based training;skin color;skin texture;whole-image-based training;Bayes methods;Computer architecture;Image color analysis;Machine learning;Shape;Skin;Training;CNN;convolutional network;deep learning;skin detection},
doi={10.1109/ICIP.2017.8297017},
ISSN={},
month={Sept}
}

@misc{data,
  title = {Facial acne images, DermNet New Zealand},
  note = {Accessed: 2018-04-21},
  url = {https://www.dermnetnz.org/topics/acne-face-images/}
}
